@MANUAL{svgspec,
    title = "Scalable Vector Graphics (SVG) 1.1 Specification {[online]}",
    organization = "WWW Consorcium",
    url = "http://www.w3.org/TR/2003/REC-SVG11-20030114/",
    note = "[cit. 2011-07-07]",
    key = "svg"
}

@INBOOK{kobltypo,
	title = "Praktick{\' a} typografie",
	author = "Pavel Ko{\v c}i{\v c}ka and Filip Blazek",
	publisher = "Brno: Computer Press",
	year = "2004"
}

@BOOK{rybicka,
	title = "LaTeX pro za\v c\'ate\v cn\'\i{}ky",
	author = "Ji{\v r}{\' i} Rybicka",
	isbn = "80-7302-049-1",
	publisher = "Brno: Konvoj",
	edition = "3"
}

@MANUAL{iso690,
	organization = "\'U\v rad pro technickou normalizaci, metrologii a st\'atn\'\i{} zku\v sebnictv\'\i{}",
	title = "\v CSN ISO 690 Informace a dokumentace -- Pravidla pro bibliografick\'e odkazy a citace informa\v cn\'\i{}ch zdroj{\r u}",
	year = "2011"
}


@ARTICLE {sitova-karta-s-fpga-xilinx,
    title  = "Síťová karta s FPGA Xilinx pro 1 a 10GbE",
    journal = "V: Pandatron - elektrotechnický magazín {[online]}",
    howpublished = "[online]",
    month  = "červen",
    year   = "2013",
    note = "[cit. 2015-10-31]",
    url    = "http://pandatron.cz/?2939&sitova_karta_s_fpga_xilinx_pro_1_a_10gbe"
}

@MISC{res-stats,
  title = "Desktop Screen Resolution Stats Worldwide",
  year = {2019},
  howpublished = {\url{http://gs.statcounter.com/screen-resolution-stats/desktop/worldwide}},
  note = {Accessed: 2019-02-20}
}

@MISC{data-amount,
  title = "How Much Data is Created on the Internet Each Day?",
  year = {2017},
  howpublished = {\url{https://blog.microfocus.com/how-much-data-is-created-on-the-internet-each-day/}},
  note = {Accessed: 2019-02-18},
  author = "Jeff Schultz"
}

@inproceedings{dimens-reduction,
  author = {S. T. Roweis and L. K. Saul},
  booktitle = {Science},
  title = {Nonlinear Dimensionality Reduction by Locally Linear Embedding},
  pages = {2323-2326},
  volume = {290},
  number = {5500},
  ISSN = {00368075},
  DOI = {10.1126/science.290.5500.2323},
  URL = {http://www.sciencemag.org/cgi/doi/10.1126/science.290.5500.2323},
}

@misc{svd-compression,
  author = "Brady Mathews",
  title = "Image Compression using Singular Value Decomposition (SVD)",
  year = {2014},
  note = {Accessed: 2019-02-21},
  howpublished = {\url{http://www.math.utah.edu/~goller/F15_M2270/BradyMathews_SVDImage.pdf}}
}
